<?xml version="1.0" encoding="UTF-8"?><collection xmlns="http://www.loc.gov/MARC21/slim"><record><leader>00404nam--2200157-i-4500</leader><controlfield tag="001">000013069</controlfield><controlfield tag="002">20161230</controlfield><controlfield tag="005">20170305202623</controlfield><controlfield tag="008">060222s1000------------r-----000-0-eng-d</controlfield><datafield ind1=" " ind2=" " tag="100"><subfield code="a">Calciiu, Alexandru</subfield></datafield><datafield ind1=" " ind2=" " tag="245"><subfield code="a">Dictionar roman-spaniol</subfield></datafield><datafield ind1=" " ind2=" " tag="260"><subfield code="a">Bucuresti</subfield><subfield code="b">Ed.Stiin.Si Encicl</subfield><subfield code="c">1979</subfield></datafield><datafield ind1=" " ind2=" " tag="300"><subfield code="a">1142 p</subfield></datafield><datafield ind1=" " ind2=" " tag="700"><subfield code="a">Duhaneanu, Constantin</subfield></datafield><datafield ind1=" " ind2=" " tag="852"><subfield code="a">801.3=590=60</subfield></datafield><datafield ind1=" " ind2=" " tag="CAT"><subfield code="a">SYS</subfield><subfield code="c">20170305</subfield><subfield code="h">202623</subfield></datafield></record></collection>